
 <record>
  <leader>-----nas-a2200000z--4500</leader>
  <controlfield tag="008">120411uuuuuuuuuxx-uu-|------u|----|eng-d</controlfield>
  <datafield tag="245" ind1="" ind2="0">
   <subfield code="a">Journal of personality and social psychology</subfield>
  </datafield>
  <datafield tag="210" ind1="" ind2="">
   <subfield code="a">JOURNAL OF PERSONALITY &amp; SOCIAL PSYCHOLOGY</subfield>
  </datafield>
  <datafield tag="210" ind1="" ind2="">
   <subfield code="a">J PERS SOC PSYCHOL</subfield>
  </datafield>
  <datafield tag="260" ind1="" ind2="">
   <subfield code="a">[Washington]</subfield>
   <subfield code="b">American Psychological Association (PsycARTICLES)</subfield>
  </datafield>
  <datafield tag="022" ind1="" ind2="">
   <subfield code="a">0022-3514</subfield>
  </datafield>
  <datafield tag="776" ind1="" ind2="">
   <subfield code="x">1939-1315</subfield>
  </datafield>
  <datafield tag="090" ind1="" ind2="">
   <subfield code="a">954925416978</subfield>
  </datafield>
  <datafield tag="866" ind1="" ind2="">
   <subfield code="a">Available from 1965 volume: 1 issue: 1. </subfield>
   <subfield code="b">$obj-&gt;parsedDate('&gt;=','1965','1','1')</subfield>
   <subfield code="c">L</subfield>
   <subfield code="s">111031604909001</subfield>
   <subfield code="t">111031604909000</subfield>
   <subfield code="x">PsycARTICLES:Full Text</subfield>
   <subfield code="z">111031605144008</subfield>
  </datafield>
  <datafield tag="650" ind1="" ind2="4">
   <subfield code="a">Social Sciences</subfield>
   <subfield code="x">General and Others</subfield>
  </datafield>
  <datafield tag="650" ind1="" ind2="4">
   <subfield code="a">Social Sciences</subfield>
   <subfield code="x">Sociology</subfield>
  </datafield>
  <datafield tag="650" ind1="" ind2="4">
   <subfield code="a">Social Sciences</subfield>
   <subfield code="x">Psychology</subfield>
  </datafield>
 </record>