
 <record>
  <leader>-----nas-a2200000z--4500</leader>
  <controlfield tag="008">120411uuuuuuuuuxx-uu-|------u|----|eng-d</controlfield>
  <datafield tag="010" ind1="" ind2="">
   <subfield code="a">sf 79010393 </subfield>
  </datafield>
  <datafield tag="245" ind1="" ind2="0">
   <subfield code="a">Schizophrenia bulletin</subfield>
  </datafield>
  <datafield tag="210" ind1="" ind2="">
   <subfield code="a">SCHIZOPHR BULL</subfield>
  </datafield>
  <datafield tag="210" ind1="" ind2="">
   <subfield code="a">SCHIZOPHRENIA BULL</subfield>
  </datafield>
  <datafield tag="210" ind1="" ind2="">
   <subfield code="a">SCHIZO BULL</subfield>
  </datafield>
  <datafield tag="260" ind1="" ind2="">
   <subfield code="a">Rockville, Md.</subfield>
   <subfield code="b">U.S. Dept. of Health, Education and Welfare, Public Health Service, Alcohol, Drug Abuse and Mental Health Administration</subfield>
  </datafield>
  <datafield tag="022" ind1="" ind2="">
   <subfield code="a">0586-7614</subfield>
  </datafield>
  <datafield tag="776" ind1="" ind2="">
   <subfield code="x">1745-1701</subfield>
  </datafield>
  <datafield tag="090" ind1="" ind2="">
   <subfield code="a">954925532975</subfield>
  </datafield>
  <datafield tag="866" ind1="" ind2="">
   <subfield code="a">Available from 1969 until 2004. </subfield>
   <subfield code="s">111031604909001</subfield>
   <subfield code="t">111031604909000</subfield>
   <subfield code="x">PsycARTICLES:Full Text</subfield>
   <subfield code="z">3220000000000606</subfield>
  </datafield>
  <datafield tag="650" ind1="" ind2="4">
   <subfield code="a">Social Sciences</subfield>
   <subfield code="x">Psychology</subfield>
  </datafield>
  <datafield tag="650" ind1="" ind2="4">
   <subfield code="a">Medicine and Health</subfield>
   <subfield code="x">Clinical Medicine</subfield>
  </datafield>
  <datafield tag="650" ind1="" ind2="4">
   <subfield code="a">Medicine and Health</subfield>
   <subfield code="x">Psychiatry &amp; Psychology</subfield>
  </datafield>
  <datafield tag="650" ind1="" ind2="4">
   <subfield code="a">Medicine and Health</subfield>
   <subfield code="x">Neurology</subfield>
  </datafield>
 </record>