
 <record>
  <leader>-----nas-a2200000z--4500</leader>
  <controlfield tag="008">120411uuuuuuuuuxx-uu-|------u|----|eng-d</controlfield>
  <datafield tag="010" ind1="" ind2="">
   <subfield code="a">   95658604 </subfield>
  </datafield>
  <datafield tag="245" ind1="" ind2="0">
   <subfield code="a">Psychology, public policy, and law</subfield>
  </datafield>
  <datafield tag="210" ind1="" ind2="">
   <subfield code="a">PSYCHOL PUBLIC POL L</subfield>
  </datafield>
  <datafield tag="210" ind1="" ind2="">
   <subfield code="a">PSYCHOL PUBLIC POLICY LAW</subfield>
  </datafield>
  <datafield tag="210" ind1="" ind2="">
   <subfield code="a">PSYCHOLOGY, PUBLIC POLICY, &amp; LAW</subfield>
  </datafield>
  <datafield tag="260" ind1="" ind2="">
   <subfield code="a">Washington, DC</subfield>
   <subfield code="b">American Psychological Association (PsycARTICLES)</subfield>
  </datafield>
  <datafield tag="022" ind1="" ind2="">
   <subfield code="a">1076-8971</subfield>
  </datafield>
  <datafield tag="776" ind1="" ind2="">
   <subfield code="x">1939-1528</subfield>
  </datafield>
  <datafield tag="090" ind1="" ind2="">
   <subfield code="a">954925605801</subfield>
  </datafield>
  <datafield tag="866" ind1="" ind2="">
   <subfield code="a">Available from 1995 volume: 1 issue: 1. </subfield>
   <subfield code="b">$obj-&gt;parsedDate('&gt;=','1995','1','1')</subfield>
   <subfield code="c">L</subfield>
   <subfield code="s">111031604909001</subfield>
   <subfield code="t">111031604909000</subfield>
   <subfield code="x">PsycARTICLES:Full Text</subfield>
   <subfield code="z">111060890676016</subfield>
  </datafield>
  <datafield tag="650" ind1="" ind2="4">
   <subfield code="a">Environmental Sciences</subfield>
   <subfield code="x">Environmental laws</subfield>
  </datafield>
 </record>