
 <record>
  <leader>-----nas-a2200000z--4500</leader>
  <controlfield tag="008">120411uuuuuuuuuxx-uu-|------u|----|eng-d</controlfield>
  <datafield tag="010" ind1="" ind2="">
   <subfield code="a">  2007213241</subfield>
  </datafield>
  <datafield tag="245" ind1="" ind2="0">
   <subfield code="a">Psychological methods</subfield>
  </datafield>
  <datafield tag="210" ind1="" ind2="">
   <subfield code="a">PSYCHOL METHODS</subfield>
  </datafield>
  <datafield tag="260" ind1="" ind2="">
   <subfield code="a">Washington, DC</subfield>
   <subfield code="b">American Psychological Association (PsycARTICLES)</subfield>
  </datafield>
  <datafield tag="022" ind1="" ind2="">
   <subfield code="a">1082-989X</subfield>
  </datafield>
  <datafield tag="776" ind1="" ind2="">
   <subfield code="x">1939-1463</subfield>
  </datafield>
  <datafield tag="090" ind1="" ind2="">
   <subfield code="a">954925607858</subfield>
  </datafield>
  <datafield tag="866" ind1="" ind2="">
   <subfield code="a">Available from 1996 volume: 1 issue: 1. </subfield>
   <subfield code="b">$obj-&gt;parsedDate('&gt;=','1996','1','1')</subfield>
   <subfield code="c">L</subfield>
   <subfield code="s">111031604909001</subfield>
   <subfield code="t">111031604909000</subfield>
   <subfield code="x">PsycARTICLES:Full Text</subfield>
   <subfield code="z">111060890677020</subfield>
  </datafield>
  <datafield tag="650" ind1="" ind2="4">
   <subfield code="a">Social Sciences</subfield>
   <subfield code="x">Psychology</subfield>
  </datafield>
  <datafield tag="650" ind1="" ind2="4">
   <subfield code="a">Mathematics</subfield>
   <subfield code="x">Statistics</subfield>
  </datafield>
  <datafield tag="650" ind1="" ind2="4">
   <subfield code="a">Medicine and Health</subfield>
   <subfield code="x">Medical Education, Training &amp; Research</subfield>
  </datafield>
  <datafield tag="650" ind1="" ind2="4">
   <subfield code="a">Medicine and Health</subfield>
   <subfield code="x">General and Others</subfield>
  </datafield>
  <datafield tag="650" ind1="" ind2="4">
   <subfield code="a">Medicine and Health</subfield>
   <subfield code="x">Psychiatry &amp; Psychology</subfield>
  </datafield>
 </record>