
 <record>
  <leader>-----nas-a2200000z--4500</leader>
  <controlfield tag="008">120411uuuuuuuuuxx-uu-|------u|----|eng-d</controlfield>
  <datafield tag="010" ind1="" ind2="">
   <subfield code="a">   76643081 </subfield>
  </datafield>
  <datafield tag="245" ind1="" ind2="0">
   <subfield code="a">Journal of experimental psychology. Human learning and memory</subfield>
  </datafield>
  <datafield tag="210" ind1="" ind2="">
   <subfield code="a">J EXP PSYCHOL [HUM LEARN]</subfield>
  </datafield>
  <datafield tag="210" ind1="" ind2="">
   <subfield code="a">JOURNAL OF EXPERIMENTAL PSYCHOLOGY. HUMAN LEARNING &amp; MEMORY</subfield>
  </datafield>
  <datafield tag="210" ind1="" ind2="">
   <subfield code="a">JOURNAL OF EXPERIMENTAL PSYCHOLOGY</subfield>
  </datafield>
  <datafield tag="210" ind1="" ind2="">
   <subfield code="a">J EXP PSYCHOL HUM LEARN</subfield>
  </datafield>
  <datafield tag="260" ind1="" ind2="">
   <subfield code="a">[Washington]</subfield>
   <subfield code="b">American Psychological Association (PsycARTICLES)</subfield>
  </datafield>
  <datafield tag="022" ind1="" ind2="">
   <subfield code="a">0096-1515</subfield>
  </datafield>
  <datafield tag="090" ind1="" ind2="">
   <subfield code="a">954927606766</subfield>
  </datafield>
  <datafield tag="866" ind1="" ind2="">
   <subfield code="a">Available from 1975 volume: 1 until 1981 volume: 7. </subfield>
   <subfield code="b">$obj-&gt;parsedDate('&gt;=','1975','1',undef) &amp;&amp; $obj-&gt;parsedDate('&lt;=','1981','7',undef)</subfield>
   <subfield code="c">L</subfield>
   <subfield code="s">111031604909001</subfield>
   <subfield code="t">111031604909000</subfield>
   <subfield code="x">PsycARTICLES:Full Text</subfield>
   <subfield code="z">1000000000695676</subfield>
  </datafield>
  <datafield tag="650" ind1="" ind2="4">
   <subfield code="a">Arts and Humanities</subfield>
   <subfield code="x">Education &amp; Careers</subfield>
  </datafield>
 </record>