
 <record>
  <leader>-----nas-a2200000z--4500</leader>
  <controlfield tag="008">120411uuuuuuuuuxx-uu-|------u|----|eng-d</controlfield>
  <datafield tag="010" ind1="" ind2="">
   <subfield code="a">sn 89036039 </subfield>
  </datafield>
  <datafield tag="245" ind1="" ind2="0">
   <subfield code="a">Journal of psychophysiology</subfield>
  </datafield>
  <datafield tag="210" ind1="" ind2="">
   <subfield code="a">J PSYCHOPHYSIOL</subfield>
  </datafield>
  <datafield tag="210" ind1="" ind2="">
   <subfield code="a">J PSYCHOPHY</subfield>
  </datafield>
  <datafield tag="260" ind1="" ind2="">
   <subfield code="a">Oxford</subfield>
   <subfield code="b">American Psychological Association (PsycARTICLES)</subfield>
  </datafield>
  <datafield tag="022" ind1="" ind2="">
   <subfield code="a">0269-8803</subfield>
  </datafield>
  <datafield tag="776" ind1="" ind2="">
   <subfield code="x">2151-2124</subfield>
  </datafield>
  <datafield tag="090" ind1="" ind2="">
   <subfield code="a">954928554373</subfield>
  </datafield>
  <datafield tag="866" ind1="" ind2="">
   <subfield code="a">Available from 1999 volume: 13 issue: 4. </subfield>
   <subfield code="b">$obj-&gt;parsedDate('&gt;=','1999','13','4')</subfield>
   <subfield code="c">L</subfield>
   <subfield code="s">111031604909001</subfield>
   <subfield code="t">111031604909000</subfield>
   <subfield code="x">PsycARTICLES:Full Text</subfield>
   <subfield code="z">111060890675004</subfield>
  </datafield>
  <datafield tag="650" ind1="" ind2="4">
   <subfield code="a">Information Technology</subfield>
   <subfield code="x">General and Others</subfield>
  </datafield>
  <datafield tag="650" ind1="" ind2="4">
   <subfield code="a">Social Sciences</subfield>
   <subfield code="x">Psychology</subfield>
  </datafield>
  <datafield tag="650" ind1="" ind2="4">
   <subfield code="a">Biology and Life Sciences</subfield>
   <subfield code="x">Genetics</subfield>
  </datafield>
  <datafield tag="650" ind1="" ind2="4">
   <subfield code="a">Biology and Life Sciences</subfield>
   <subfield code="x">Computational Biosciences</subfield>
  </datafield>
  <datafield tag="650" ind1="" ind2="4">
   <subfield code="a">Medicine and Health</subfield>
   <subfield code="x">General and Others</subfield>
  </datafield>
  <datafield tag="650" ind1="" ind2="4">
   <subfield code="a">Medicine and Health</subfield>
   <subfield code="x">Physiology</subfield>
  </datafield>
 </record>