
 <record>
  <leader>-----nas-a2200000z--4500</leader>
  <controlfield tag="008">120411uuuuuuuuuxx-uu-|------u|----|eng-d</controlfield>
  <datafield tag="010" ind1="" ind2="">
   <subfield code="a">  2005263254</subfield>
  </datafield>
  <datafield tag="245" ind1="" ind2="0">
   <subfield code="a">Experimental and clinical psychopharmacology</subfield>
  </datafield>
  <datafield tag="210" ind1="" ind2="">
   <subfield code="a">EXP CLIN PSYCHOPHARMACOL</subfield>
  </datafield>
  <datafield tag="210" ind1="" ind2="">
   <subfield code="a">EXP CLIN PSYCHOPHARM</subfield>
  </datafield>
  <datafield tag="210" ind1="" ind2="">
   <subfield code="a">EXP CL PSYC</subfield>
  </datafield>
  <datafield tag="210" ind1="" ind2="">
   <subfield code="a">HARRIET BEECHER STOWE</subfield>
  </datafield>
  <datafield tag="260" ind1="" ind2="">
   <subfield code="a">Washington, DC</subfield>
   <subfield code="b">American Psychological Association (PsycARTICLES)</subfield>
  </datafield>
  <datafield tag="022" ind1="" ind2="">
   <subfield code="a">1064-1297</subfield>
  </datafield>
  <datafield tag="776" ind1="" ind2="">
   <subfield code="x">1936-2293</subfield>
  </datafield>
  <datafield tag="090" ind1="" ind2="">
   <subfield code="a">954928614222</subfield>
  </datafield>
  <datafield tag="866" ind1="" ind2="">
   <subfield code="a">Available from 1993 volume: 1 issue: 1. </subfield>
   <subfield code="b">$obj-&gt;parsedDate('&gt;=','1993','1','1')</subfield>
   <subfield code="c">L</subfield>
   <subfield code="s">111031604909001</subfield>
   <subfield code="t">111031604909000</subfield>
   <subfield code="x">PsycARTICLES:Full Text</subfield>
   <subfield code="z">111060890676014</subfield>
  </datafield>
  <datafield tag="650" ind1="" ind2="4">
   <subfield code="a">Chemistry</subfield>
   <subfield code="x">Toxicology</subfield>
  </datafield>
  <datafield tag="650" ind1="" ind2="4">
   <subfield code="a">Social Sciences</subfield>
   <subfield code="x">Psychology</subfield>
  </datafield>
  <datafield tag="650" ind1="" ind2="4">
   <subfield code="a">Biology and Life Sciences</subfield>
   <subfield code="x">General and Others</subfield>
  </datafield>
  <datafield tag="650" ind1="" ind2="4">
   <subfield code="a">Medicine and Health</subfield>
   <subfield code="x">General and Others</subfield>
  </datafield>
  <datafield tag="650" ind1="" ind2="4">
   <subfield code="a">Medicine and Health</subfield>
   <subfield code="x">Pharmacy and Pharmacology</subfield>
  </datafield>
 </record>