
 <record>
  <leader>-----nas-a2200000z--4500</leader>
  <controlfield tag="008">120411uuuuuuuuuxx-uu-|------u|----|eng-d</controlfield>
  <datafield tag="245" ind1="" ind2="0">
   <subfield code="a">History of psychology</subfield>
  </datafield>
  <datafield tag="210" ind1="" ind2="">
   <subfield code="a">HIST PSYCHOL</subfield>
  </datafield>
  <datafield tag="260" ind1="" ind2="">
   <subfield code="a">Washington, D.C.</subfield>
   <subfield code="b">American Psychological Association (PsycARTICLES)</subfield>
  </datafield>
  <datafield tag="022" ind1="" ind2="">
   <subfield code="a">1093-4510</subfield>
  </datafield>
  <datafield tag="776" ind1="" ind2="">
   <subfield code="x">1939-0610</subfield>
  </datafield>
  <datafield tag="090" ind1="" ind2="">
   <subfield code="a">110978984445363</subfield>
  </datafield>
  <datafield tag="866" ind1="" ind2="">
   <subfield code="a">Available from 1998 volume: 1 issue: 1. </subfield>
   <subfield code="b">$obj-&gt;parsedDate('&gt;=','1998','1','1')</subfield>
   <subfield code="c">L</subfield>
   <subfield code="s">111031604909001</subfield>
   <subfield code="t">111031604909000</subfield>
   <subfield code="x">PsycARTICLES:Full Text</subfield>
   <subfield code="z">111060890677023</subfield>
  </datafield>
  <datafield tag="650" ind1="" ind2="4">
   <subfield code="a">Arts and Humanities</subfield>
   <subfield code="x">Society and Culture</subfield>
  </datafield>
  <datafield tag="650" ind1="" ind2="4">
   <subfield code="a">Medicine and Health</subfield>
   <subfield code="x">Psychiatry &amp; Psychology</subfield>
  </datafield>
 </record>