
 <record>
  <leader>-----nas-a2200000z--4500</leader>
  <controlfield tag="008">120411uuuuuuuuuxx-uu-|------u|----|eng-d</controlfield>
  <datafield tag="010" ind1="" ind2="">
   <subfield code="a">sn 99008604 </subfield>
  </datafield>
  <datafield tag="245" ind1="" ind2="0">
   <subfield code="a">Psychology of men &amp; masculinity</subfield>
  </datafield>
  <datafield tag="210" ind1="" ind2="">
   <subfield code="a">PSYCHOLOGY OF MEN AND MASCULINITY</subfield>
  </datafield>
  <datafield tag="210" ind1="" ind2="">
   <subfield code="a">PSYCHOL MEN MASC</subfield>
  </datafield>
  <datafield tag="210" ind1="" ind2="">
   <subfield code="a">PSYCHOL MEN MASCULIN</subfield>
  </datafield>
  <datafield tag="260" ind1="" ind2="">
   <subfield code="a">Washington, DC</subfield>
   <subfield code="b">Educational Pub. Foundation</subfield>
  </datafield>
  <datafield tag="022" ind1="" ind2="">
   <subfield code="a">1524-9220</subfield>
  </datafield>
  <datafield tag="776" ind1="" ind2="">
   <subfield code="x">1939-151X</subfield>
  </datafield>
  <datafield tag="090" ind1="" ind2="">
   <subfield code="a">111005150776002</subfield>
  </datafield>
  <datafield tag="866" ind1="" ind2="">
   <subfield code="a">Available from 2000 volume: 1 issue: 1. </subfield>
   <subfield code="b">$obj-&gt;parsedDate('&gt;=','2000','1','1')</subfield>
   <subfield code="c">L</subfield>
   <subfield code="s">111031604909001</subfield>
   <subfield code="t">111031604909000</subfield>
   <subfield code="x">PsycARTICLES:Full Text</subfield>
   <subfield code="z">111060890677025</subfield>
  </datafield>
  <datafield tag="650" ind1="" ind2="4">
   <subfield code="a">Social Sciences</subfield>
   <subfield code="x">Gender Studies</subfield>
  </datafield>
  <datafield tag="650" ind1="" ind2="4">
   <subfield code="a">Arts and Humanities</subfield>
   <subfield code="x">Society and Culture</subfield>
  </datafield>
  <datafield tag="650" ind1="" ind2="4">
   <subfield code="a">Social Sciences</subfield>
   <subfield code="x">Psychology</subfield>
  </datafield>
  <datafield tag="650" ind1="" ind2="4">
   <subfield code="a">Medicine and Health</subfield>
   <subfield code="x">Psychiatry &amp; Psychology</subfield>
  </datafield>
  <datafield tag="650" ind1="" ind2="4">
   <subfield code="a">Medicine and Health</subfield>
   <subfield code="x">Neurology</subfield>
  </datafield>
 </record>