
 <record>
  <leader>-----nas-a2200000z--4500</leader>
  <controlfield tag="008">120411uuuuuuuuuxx-uu-|------u|----|eng-d</controlfield>
  <datafield tag="010" ind1="" ind2="">
   <subfield code="a">  2005214485</subfield>
  </datafield>
  <datafield tag="245" ind1="" ind2="0">
   <subfield code="a">International journal of play therapy</subfield>
  </datafield>
  <datafield tag="260" ind1="" ind2="">
   <subfield code="a">[Fresno, CA]</subfield>
   <subfield code="b">Association for Play Therapy, Inc.</subfield>
  </datafield>
  <datafield tag="022" ind1="" ind2="">
   <subfield code="a">1555-6824</subfield>
  </datafield>
  <datafield tag="776" ind1="" ind2="">
   <subfield code="x">1939-0629</subfield>
  </datafield>
  <datafield tag="090" ind1="" ind2="">
   <subfield code="a">1000000000302393</subfield>
  </datafield>
  <datafield tag="866" ind1="" ind2="">
   <subfield code="a">Available from 1992 volume: 1 issue: 1. </subfield>
   <subfield code="b">$obj-&gt;parsedDate('&gt;=','1992','1','1')</subfield>
   <subfield code="c">L</subfield>
   <subfield code="s">111031604909001</subfield>
   <subfield code="t">111031604909000</subfield>
   <subfield code="x">PsycARTICLES:Full Text</subfield>
   <subfield code="z">1000000000897715</subfield>
  </datafield>
  <datafield tag="650" ind1="" ind2="4">
   <subfield code="a">Medicine and Health</subfield>
   <subfield code="x">Pediatrics</subfield>
  </datafield>
 </record>