
 <record>
  <leader>-----nas-a2200000z--4500</leader>
  <controlfield tag="008">120411uuuuuuuuuxx-uu-|------u|----|eng-d</controlfield>
  <datafield tag="010" ind1="" ind2="">
   <subfield code="a">  2007214456</subfield>
  </datafield>
  <datafield tag="245" ind1="" ind2="0">
   <subfield code="a">Journal of Diversity in Higher Education</subfield>
  </datafield>
  <datafield tag="210" ind1="" ind2="">
   <subfield code="a">J DIVERS HIGH EDUC</subfield>
  </datafield>
  <datafield tag="260" ind1="" ind2="">
   <subfield code="a">Washington D.C.</subfield>
   <subfield code="b">Educational Publishing Foundation of the American Psychological Association</subfield>
  </datafield>
  <datafield tag="022" ind1="" ind2="">
   <subfield code="a">1938-8926</subfield>
  </datafield>
  <datafield tag="090" ind1="" ind2="">
   <subfield code="a">1000000000398028</subfield>
  </datafield>
  <datafield tag="866" ind1="" ind2="">
   <subfield code="a">Available from 2008 volume: 1 issue: 1. </subfield>
   <subfield code="s">111031604909001</subfield>
   <subfield code="t">111031604909000</subfield>
   <subfield code="x">PsycARTICLES:Full Text</subfield>
   <subfield code="z">1000000001052645</subfield>
  </datafield>
  <datafield tag="866" ind1="" ind2="">
   <subfield code="a">Available from 2008 volume: 1 issue: 1. </subfield>
   <subfield code="b">$obj-&gt;parsedDate('&gt;=','2008','1','1')</subfield>
   <subfield code="c">G</subfield>
   <subfield code="s">111031604909001</subfield>
   <subfield code="t">111031604909000</subfield>
   <subfield code="x">PsycARTICLES:Full Text</subfield>
   <subfield code="z">14390000000051821</subfield>
  </datafield>
  <datafield tag="650" ind1="" ind2="4">
   <subfield code="a">Arts and Humanities</subfield>
   <subfield code="x">Education &amp; Careers</subfield>
  </datafield>
 </record>