
 <record>
  <leader>-----nas-a2200000z--4500</leader>
  <controlfield tag="008">120411uuuuuuuuuxx-uu-|------u|----|eng-d</controlfield>
  <datafield tag="245" ind1="" ind2="0">
   <subfield code="a">Aviation Psychology and Applied Human Factors</subfield>
  </datafield>
  <datafield tag="260" ind1="" ind2="">
   <subfield code="b">Hogrefe Publishing</subfield>
  </datafield>
  <datafield tag="022" ind1="" ind2="">
   <subfield code="a">2192-0923</subfield>
  </datafield>
  <datafield tag="776" ind1="" ind2="">
   <subfield code="x">2192-0931</subfield>
  </datafield>
  <datafield tag="090" ind1="" ind2="">
   <subfield code="a">2670000000088918</subfield>
  </datafield>
  <datafield tag="866" ind1="" ind2="">
   <subfield code="a">Available from 2011. </subfield>
   <subfield code="s">111031604909001</subfield>
   <subfield code="t">111031604909000</subfield>
   <subfield code="x">PsycARTICLES:Full Text</subfield>
   <subfield code="z">3520000000001003</subfield>
  </datafield>
 </record>
</collection>
